% Galois

@article{pingali2011tao,
  title={The tao of parallelism in algorithms},
  author={Pingali, Keshav and Nguyen, Donald and Kulkarni, Milind and Burtscher, Martin and Hassaan, M Amber and Kaleem, Rashid and Lee, Tsung-Hsien and Lenharth, Andrew and Manevich, Roman and M{\'e}ndez-Lojo, Mario and others},
  journal={ACM SIGPLAN Notices},
  volume={46},
  number={6},
  pages={12--25},
  year={2011},
  publisher={ACM}
}

%Kernel K means

@inproceedings{dhillon2004kernel,
  title={Kernel k-means: spectral clustering and normalized cuts},
  author={Dhillon, Inderjit S and Guan, Yuqiang and Kulis, Brian},
  booktitle={Proceedings of the tenth ACM SIGKDD international conference on Knowledge discovery and data mining},
  pages={551--556},
  year={2004},
  organization={ACM}
}


% SVM / optimization papers

@article{chang2011libsvm,
  title={LIBSVM: a library for support vector machines},
  author={Chang, Chih-Chung and Lin, Chih-Jen},
  journal={ACM Transactions on Intelligent Systems and Technology (TIST)},
  volume={2},
  number={3},
  pages={27},
  year={2011},
  publisher={ACM}
}


@article{hsieh2013divide,
  title={A Divide-and-Conquer Solver for Kernel Support Vector Machines},
  author={Hsieh, Cho-Jui and Si, Si and Dhillon, Inderjit S},
  journal={arXiv preprint arXiv:1311.0914},
  year={2013}
}

@inproceedings{platt1999fast,
  title={Fast training of support vector machines using sequential minimal optimization},
  author={Platt, John C},
  booktitle={Advances in kernel methods},
  pages={185--208},
  year={1999},
  organization={MIT press}
}


@article{boyd2011distributed,
  title={Distributed optimization and statistical learning via the alternating direction method of multipliers},
  author={Boyd, Stephen and Parikh, Neal and Chu, Eric and Peleato, Borja and Eckstein, Jonathan},
  journal={Foundations and Trends{\textregistered} in Machine Learning},
  volume={3},
  number={1},
  pages={1--122},
  year={2011},
  publisher={Now Publishers Inc.}
}

% Parallel SVM papers

@article{cao2006parallel,
  title={Parallel sequential minimal optimization for the training of support vector machines},
  author={Cao, Li Juan and Keerthi, S Sathiya and Ong, Chong-Jin and Zhang, JQ and Periyathamby, Uvaraj and Fu, Xiu Ju and Lee, HP},
  journal={Neural Networks, IEEE Transactions on},
  volume={17},
  number={4},
  pages={1039--1049},
  year={2006},
  publisher={IEEE}
}

@article{collobert2002parallel,
  title={A parallel mixture of SVMs for very large scale problems},
  author={Collobert, Ronan and Bengio, Samy and Bengio, Yoshua},
  journal={Neural computation},
  volume={14},
  number={5},
  pages={1105--1114},
  year={2002},
  publisher={MIT Press}
}


%MRPSVM
@inproceedings{zhao2011parallel,
  title={Parallel support vector machines on multi-core and multiprocessor systems},
  author={Zhao, HX and Magoules, Fr{\'e}d{\'e}ric and others},
  booktitle={Proceedings of the 11th International Conference on Artificial Intelligence and Applications (AIA 2011)},
  year={2011}
}

%Pisvm


@article{woodsend2009hybrid,
  title={Hybrid MPI/OpenMP parallel linear support vector machine training},
  author={Woodsend, Kristian and Gondzio, Jacek},
  journal={The Journal of Machine Learning Research},
  volume={10},
  pages={1937--1953},
  year={2009},
  publisher={JMLR. org}
}

@inproceedings{graf2004parallel,
  title={Parallel support vector machines: The cascade svm},
  author={Graf, Hans P and Cosatto, Eric and Bottou, Leon and Dourdanovic, Igor and Vapnik, Vladimir},
  booktitle={Advances in neural information processing systems},
  pages={521--528},
  year={2004}
}

@inproceedings{zhu2009p,
  title={P-packSVM: Parallel primal gradient descent kernel SVM},
  author={Zhu, Zeyuan Allen and Chen, Weizhu and Wang, Gang and Zhu, Chenguang and Chen, Zheng},
  booktitle={Data Mining, 2009. ICDM'09. Ninth IEEE International Conference on},
  pages={677--686},
  year={2009},
  organization={IEEE}
}

@article{brugger2006parallel,
  title={Parallel support vector machines},
  author={Brugger, Dominik},
  year={2006}
}

@article{tyree2014parallel,
  title={Parallel Support Vector Machines in Practice},
  author={Tyree, Stephen and Gardner, Jacob R and Weinberger, Kilian Q and Agrawal, Kunal and Tran, John},
  journal={arXiv preprint arXiv:1404.1066},
  year={2014}
}

@inproceedings{caruana2011mapreduce,
  title={A MapReduce based parallel SVM for large scale spam filtering},
  author={Caruana, Godwin and Li, Maozhen and Qi, Man},
  booktitle={Fuzzy Systems and Knowledge Discovery (FSKD), 2011 Eighth International Conference on},
  volume={4},
  pages={2659--2662},
  year={2011},
  organization={IEEE}
}

@inproceedings{hazan2008parallel,
  title={A parallel decomposition solver for svm: Distributed dual ascend using fenchel duality},
  author={Hazan, Tamir and Man, Amit and Shashua, Amnon},
  booktitle={Computer Vision and Pattern Recognition, 2008. CVPR 2008. IEEE Conference on},
  pages={1--8},
  year={2008},
  organization={IEEE}
}

@inproceedings{zhang2005parallel,
  title={A parallel SVM training algorithm on large-scale classification problems},
  author={Zhang, Jian-Pei and Li, Zhong-Wei and Yang, Jing},
  booktitle={Machine Learning and Cybernetics, 2005. Proceedings of 2005 International Conference on},
  volume={3},
  pages={1637--1641},
  year={2005},
  organization={IEEE}
}

@inproceedings{zhu2008parallelizing,
  title={Parallelizing support vector machines on distributed computers},
  author={Zhu, Kaihua and Wang, Hao and Bai, Hongjie and Li, Jian and Qiu, Zhihuan and Cui, Hang and Chang, Edward Y},
  booktitle={Advances in Neural Information Processing Systems},
  pages={257--264},
  year={2008}
}

@inproceedings{cotter2011gpu,
  title={A GPU-tailored approach for training kernelized SVMs},
  author={Cotter, Andrew and Srebro, Nathan and Keshet, Joseph},
  booktitle={Proceedings of the 17th ACM SIGKDD international conference on Knowledge discovery and data mining},
  pages={805--813},
  year={2011},
  organization={ACM}
}

%Implicit approaches to SVMs

@inproceedings{sha2002multiplicative,
  title={Multiplicative updates for nonnegative quadratic programming in support vector machines},
  author={Sha, Fei and Saul, Lawrence K and Lee, Daniel D},
  booktitle={Advances in neural information processing systems},
  pages={1041--1048},
  year={2002}
}

@article{chapelle2007training,
  title={Training a support vector machine in the primal},
  author={Chapelle, Olivier},
  journal={Neural Computation},
  volume={19},
  number={5},
  pages={1155--1178},
  year={2007},
  publisher={MIT Press}
}

@article{keerthi2006building,
  title={Building support vector machines with reduced classifier complexity},
  author={Keerthi, S Sathiya and Chapelle, Olivier and DeCoste, Dennis},
  journal={The Journal of Machine Learning Research},
  volume={7},
  pages={1493--1515},
  year={2006},
  publisher={JMLR. org}
}
